@article{Leistedt_2017,
  doi       = {10.3847/1538-3881/aa91d5},
  url       = {https://dx.doi.org/10.3847/1538-3881/aa91d5},
  year      = {2017},
  month     = {nov},
  publisher = {The American Astronomical Society},
  volume    = {154},
  number    = {6},
  pages     = {222},
  author    = {Boris Leistedt and David W. Hogg},
  title     = {Hierarchical Probabilistic Inference of the Color-Magnitude Diagram and Shrinkage of Stellar Distance Uncertainties},
  journal   = {The Astronomical Journal},
  abstract  = {We present a hierarchical probabilistic model for improving geometric stellar distance estimates using color-magnitude information. This is achieved with a data-driven model of the color-magnitude diagram, not relying on stellar models but instead on the relative abundances of stars in color-magnitude cells, which are inferred from very noisy magnitudes and parallaxes. While the resulting noise-deconvolved color-magnitude diagram can be useful for a range of applications, we focus on deriving improved stellar distance estimates relying on both parallax and photometric information. We demonstrate the efficiency of this approach on the 1.4 million stars of the Gaia TGAS sample that also have AAVSO Photometric All Sky Survey magnitudes. Our hierarchical model has 4 million parameters in total, most of which are marginalized out numerically or analytically. We find that distance estimates are significantly improved for the noisiest parallaxes and densest regions of the color-magnitude diagram. In particular, the average distance signal-to-noise ratio (S/N) and uncertainty improve by 19% and 36%, respectively, with 8% of the objects improving in S/N by a factor greater than 2. This computationally efficient approach fully accounts for both parallax and photometric noise and is a first step toward a full hierarchical probabilistic model of the Gaia data.}
}

@article{Hogg_2018,
  doi       = {10.3847/1538-4365/aab76e},
  url       = {https://dx.doi.org/10.3847/1538-4365/aab76e},
  year      = {2018},
  month     = {may},
  publisher = {The American Astronomical Society},
  volume    = {236},
  number    = {1},
  pages     = {11},
  author    = {David W. Hogg and Daniel Foreman-Mackey},
  title     = {Data Analysis Recipes: Using Markov Chain Monte Carlo*},
  journal   = {The Astrophysical Journal Supplement Series},
  abstract  = {Markov Chain Monte Carlo (MCMC) methods for sampling probability density functions (combined with abundant computational resources) have transformed the sciences, especially in performing probabilistic inferences, or fitting models to data. In this primarily pedagogical contribution, we give a brief overview of the most basic MCMC method and some practical advice for the use of MCMC in real inference problems. We give advice on method choice, tuning for performance, methods for initialization, tests of convergence, troubleshooting, and use of the chain output to produce or report parameter estimates with associated uncertainties. We argue that autocorrelation time is the most important test for convergence, as it directly connects to the uncertainty on the sampling estimate of any quantity of interest. We emphasize that sampling is a method for doing integrals; this guides our thinking about how MCMC output is best used.}
}

@article{Bailer_2015,
  author  = {Bailer-Jones, Coryn},
  year    = {2015},
  month   = {07},
  pages   = {},
  title   = {Estimating Distances from Parallaxes},
  volume  = {127},
  journal = {Publications of the Astronomical Society of the Pacific},
  doi     = {10.1086/683116}
}

@article{Anderson_2017,
  author  = {Anderson, Lauren and Hogg, David and Leistedt, Boris and Price-Whelan, Adrian and Bovy, Jo},
  year    = {2017},
  month   = {06},
  pages   = {},
  title   = {Improving \textsl{Gaia} parallax precision with a data-driven model of stars},
  volume  = {156},
  journal = {The Astronomical Journal},
  doi     = {10.3847/1538-3881/aad7bf}
}

@misc{edenhofer2023parsecscale,
  title         = {A Parsec-Scale Galactic 3D Dust Map out to 1.25 kpc from the Sun},
  author        = {Gordian Edenhofer and Catherine Zucker and Philipp Frank and Andrew K. Saydjari and Joshua S. Speagle and Douglas Finkbeiner and Torsten Enßlin},
  year          = {2023},
  eprint        = {2308.01295},
  archiveprefix = {arXiv},
  primaryclass  = {astro-ph.GA}
}

@article{Gaia_Collab_2017,
  author  = {{Gaia Collaboration} and 
             {Brown, A. G. A.} and 
             {Vallenari, A.} and 
             {Prusti, T.} and 
             {de Bruijne, J. H.J.} and 
             {Mignard, F.} and 
             {Drimmel, R.} and 
             {Babusiaux, C.} and 
             {Bailer-Jones, C. A.L.} and 
             {Bastian, U.} and 
             {Biermann, M.} and 
             {Evans, D. W.} and 
             {Eyer, L.} and 
             {Jansen, F.} and 
             {Jordi, C.} and 
             {Katz, D.} and 
             {Klioner, S. A.} and 
             {Lammers, U.} and 
             {Lindegren, L.} and 
             {Luri, X.} and 
             {O’Mullane, W.} and 
             {Panem, C.} and 
             {Pourbaix, D.} and 
             {Randich, S.} and 
             {Sartoretti, P.} and 
             {Siddiqui, H. I.} and 
             {Soubiran, C.} and 
             {Valette, V.} and 
             {van Leeuwen, F.} and 
             {Walton, N. A.} and 
             {Aerts, C.} and 
             {Arenou, F.} and 
             {Cropper, M.} and 
             {Høg, E.} and 
             {Lattanzi, M. G.} and 
             {Grebel, E. K.} and 
             {Holland, A. D.} and 
             {Huc, C.} and 
             {Passot, X.} and 
             {Perryman, M.} and 
             {Bramante, L.} and 
             {Cacciari, C.} and 
             {Castañeda, J.} and 
             {Chaoul, L.} and 
             {Cheek, N.} and 
             {De Angeli, F.} and 
             {Fabricius, C.} and 
             {Guerra, R.} and 
             {Hernández, J.} and 
             {Jean-Antoine-Piccolo, A.} and 
             {Masana, E.} and 
             {Messineo, R.} and 
             {Mowlavi, N.} and 
             {Nienartowicz, K.} and 
             {Ordóñez-Blanco, D.} and 
             {Panuzzo, P.} and 
             {Portell, J.} and 
             {Richards, P. J.} and 
             {Riello, M.} and 
             {Seabroke, G. M.} and 
             {Tanga, P.} and 
             {Thévenin, F.} and 
             {Torra, J.} and 
             {Els, S. G.} and 
             {Gracia-Abril, G.} and 
             {Comoretto, G.} and 
             {Garcia-Reinaldos, M.} and 
             {Lock, T.} and 
             {Mercier, E.} and 
             {Altmann, M.} and 
             {Andrae, R.} and 
             {Astraatmadja, T. L.} and 
             {Bellas-Velidis, I.} and 
             {Benson, K.} and 
             {Berthier, J.} and 
             {Blomme, R.} and 
             {Busso, G.} and 
             {Carry, B.} and 
             {Cellino, A.} and 
             {Clementini, G.} and 
             {Cowell, S.} and 
             {Creevey, O.} and 
             {Cuypers, J.} and 
             {Davidson, M.} and 
             {De Ridder, J.} and 
             {de Torres, A.} and 
             {Delchambre, L.} and 
             {Dell’Oro, A.} and 
             {Ducourant, C.} and 
             {Frémat, Y.} and 
             {García-Torres, M.} and 
             {Gosset, E.} and 
             {Halbwachs, J.-L.} and 
             {Hambly, N. C.} and 
             {Harrison, D. L.} and 
             {Hauser, M.} and 
             {Hestroffer, D.} and 
             {Hodgkin, S. T.} and 
             {Huckle, H. E.} and 
             {Hutton, A.} and 
             {Jasniewicz, G.} and 
             {Jordan, S.} and 
             {Kontizas, M.} and 
             {Korn, A. J.} and 
             {Lanzafame, A. C.} and 
             {Manteiga, M.} and 
             {Moitinho, A.} and 
             {Muinonen, K.} and 
             {Osinde, J.} and 
             {Pancino, E.} and 
             {Pauwels, T.} and 
             {Petit, J.-M.} and 
             {Recio-Blanco, A.} and 
             {Robin, A. C.} and 
             {Sarro, L. M.} and 
             {Siopis, C.} and 
             {Smith, M.} and 
             {Smith, K. W.} and 
             {Sozzetti, A.} and 
             {Thuillot, W.} and 
             {van Reeven, W.} and 
             {Viala, Y.} and 
             {Abbas, U.} and 
             {Abreu Aramburu, A.} and 
             {Accart, S.} and 
             {Aguado, J. J.} and 
             {Allan, P. M.} and 
             {Allasia, W.} and 
             {Altavilla, G.} and 
             {Álvarez, M. A.} and 
             {Alves, J.} and 
             {Anderson, R. I.} and 
             {Andrei, A. H.} and 
             {Anglada Varela, E.} and 
             {Antiche, E.} and 
             {Antoja, T.} and 
             {Antón, S.} and 
             {Arcay, B.} and 
             {Bach, N.} and 
             {Baker, S. G.} and 
             {Balaguer-Núñez, L.} and 
             {Barache, C.} and 
             {Barata, C.} and 
             {Barbier, A.} and 
             {Barblan, F.} and 
             {Barrado y Navascués, D.} and 
             {Barros, M.} and 
             {Barstow, M. A.} and 
             {Becciani, U.} and 
             {Bellazzini, M.} and 
             {Bello García, A.} and 
             {Belokurov, V.} and 
             {Bendjoya, P.} and 
             {Berihuete, A.} and 
             {Bianchi, L.} and 
             {Bienaymé, O.} and 
             {Billebaud, F.} and 
             {Blagorodnova, N.} and 
             {Blanco-Cuaresma, S.} and 
             {Boch, T.} and 
             {Bombrun, A.} and 
             {Borrachero, R.} and 
             {Bouquillon, S.} and 
             {Bourda, G.} and 
             {Bouy, H.} and 
             {Bragaglia, A.} and 
             {Breddels, M. A.} and 
             {Brouillet, N.} and 
             {Brüsemeister, T.} and 
             {Bucciarelli, B.} and 
             {Burgess, P.} and 
             {Burgon, R.} and 
             {Burlacu, A.} and 
             {Busonero, D.} and 
             {Buzzi, R.} and 
             {Caffau, E.} and 
             {Cambras, J.} and 
             {Campbell, H.} and 
             {Cancelliere, R.} and 
             {Cantat-Gaudin, T.} and 
             {Carlucci, T.} and 
             {Carrasco, J. M.} and 
             {Castellani, M.} and 
             {Charlot, P.} and 
             {Charnas, J.} and 
             {Chiavassa, A.} and 
             {Clotet, M.} and 
             {Cocozza, G.} and 
             {Collins, R. S.} and 
             {Costigan, G.} and 
             {Crifo, F.} and 
             {Cross, N. J.G.} and 
             {Crosta, M.} and 
             {Crowley, C.} and 
             {Dafonte, C.} and 
             {Damerdji, Y.} and 
             {Dapergolas, A.} and 
             {David, P.} and 
             {David, M.} and 
             {De Cat, P.} and 
             {de Felice, F.} and 
             {de Laverny, P.} and 
             {De Luise, F.} and 
             {De March, R.} and 
             {de Martino, D.} and 
             {de Souza, R.} and 
             {Debosscher, J.} and 
             {del Pozo, E.} and 
             {Delbo, M.} and 
             {Delgado, A.} and 
             {Delgado, H. E.} and 
             {Di Matteo, P.} and 
             {Diakite, S.} and 
             {Distefano, E.} and 
             {Dolding, C.} and 
             {Dos Anjos, S.} and 
             {Drazinos, P.} and 
             {Duran, J.} and 
             {Dzigan, Y.} and 
             {Edvardsson, B.} and 
             {Enke, H.} and 
             {Evans, N. W.} and 
             {Eynard Bontemps, G.} and 
             {Fabre, C.} and 
             {Fabrizio, M.} and 
             {Faigler, S.} and 
             {Falcão, A. J.} and 
             {Farràs Casas, M.} and 
             {Federici, L.} and 
             {Fedorets, G.} and 
             {Fernández-Hernández, J.} and 
             {Fernique, P.} and 
             {Fienga, A.} and 
             {Figueras, F.} and 
             {Filippi, F.} and 
             {Findeisen, K.} and 
             {Fonti, A.} and 
             {Fouesneau, M.} and 
             {Fraile, E.} and 
             {Fraser, M.} and 
             {Fuchs, J.} and 
             {Gai, M.} and 
             {Galleti, S.} and 
             {Galluccio, L.} and 
             {Garabato, D.} and 
             {García-Sedano, F.} and 
             {Garofalo, A.} and 
             {Garralda, N.} and 
             {Gavras, P.} and 
             {Gerssen, J.} and 
             {Geyer, R.} and 
             {Gilmore, G.} and 
             {Girona, S.} and 
             {Giuffrida, G.} and 
             {Gomes, M.} and 
             {González-Marcos, A.} and 
             {González-Núñez, J.} and 
             {González-Vidal, J. J.} and 
             {Granvik, M.} and 
             {Guerrier, A.} and 
             {Guillout, P.} and 
             {Guiraud, J.} and 
             {Gúrpide, A.} and 
             {Gutiérrez-Sánchez, R.} and 
             {Guy, L. P.} and 
             {Haigron, R.} and 
             {Hatzidimitriou, D.} and 
             {Haywood, M.} and 
             {Heiter, U.} and 
             {Helmi, A.} and 
             {Hobbs, D.} and 
             {Hofmann, W.} and 
             {Holl, B.} and 
             {Holland, G.} and 
             {Hunt, J. A.S.} and 
             {Hypki, A.} and 
             {Icardi, V.} and 
             {Irwin, M.} and 
             {Jevardat de Fombelle, G.} and 
             {Jofré, P.} and 
             {Jonker, P. G.} and 
             {Jorissen, A.} and 
             {Julbe, F.} and 
             {Karampelas, A.} and 
             {Kochoska, A.} and 
             {Kohley, R.} and 
             {Kolenberg, K.} and 
             {Kontizas, E.} and 
             {Koposov, S. E.} and 
             {Kordopatis, G.} and 
             {Koubsky, P.} and 
             {Krone-Martins, A.} and 
             {Kudryashova, M.} and 
             {Kull, I.} and 
             {Bachchan, R. K.} and 
             {Lacoste-Seris, F.} and 
             {Lanza, A. F.} and 
             {Lavigne, J.-B.} and 
             {Le Poncin-Lafitte, C.} and 
             {Lebreton, Y.} and 
             {Lebzelter, T.} and 
             {Leccia, S.} and 
             {Leclerc, N.} and 
             {Lecoeur-Taibi, I.} and 
             {Lemaitre, V.} and 
             {Lenhardt, H.} and 
             {Leroux, F.} and 
             {Liao, S.} and 
             {Licata, E.} and 
             {Lindstrøm, H. E.P.} and 
             {Lister, T. A.} and 
             {Livanou, E.} and 
             {Lobel, A.} and 
             {Löffler, W.} and 
             {López, M.} and 
             {Lorenz, D.} and 
             {MacDonald, I.} and 
             {Magalhães Fernandes, T.} and 
             {Managau, S.} and 
             {Mann, R. G.} and 
             {Mantelet, G.} and 
             {Marchal, O.} and 
             {Marchant, J. M.} and 
             {Marconi, M.} and 
             {Marinoni, S.} and 
             {Marrese, P. M.} and 
             {Marschalkó, G.} and 
             {Marshall, D. J.} and 
             {Martín-Fleitas, J. M.} and 
             {Martino, M.} and 
             {Mary, N.} and 
             {Matijevič, G.} and 
             {Mazeh, T.} and 
             {McMillan, P. J.} and 
             {Messina, S.} and 
             {Michalik, D.} and 
             {Millar, N. R.} and 
             {Miranda, B. M. H.} and 
             {Molina, D.} and 
             {Molinaro, R.} and 
             {Molinaro, M.} and 
             {Molnár, L.} and 
             {Moniez, M.} and 
             {Montegriffo, P.} and 
             {Mor, R.} and 
             {Mora, A.} and 
             {Morbidelli, R.} and 
             {Morel, T.} and 
             {Morgenthaler, S.} and 
             {Morris, D.} and 
             {Mulone, A. F.} and 
             {Muraveva, T.} and 
             {Musella, I.} and 
             {Narbonne, J.} and 
             {Nelemans, G.} and 
             {Nicastro, L.} and 
             {Noval, L.} and 
             {Ordénovic, C.} and 
             {Ordieres-Meré, J.} and 
             {Osborne, P.} and 
             {Pagani, C.} and 
             {Pagano, I.} and 
             {Pailler, F.} and 
             {Palacin, H.} and 
             {Palaversa, L.} and 
             {Parsons, P.} and 
             {Pecoraro, M.} and 
             {Pedrosa, R.} and 
             {Pentikäinen, H.} and 
             {Pichon, B.} and 
             {Piersimoni, A. M.} and 
             {Pineau, F.-X.} and 
             {Plachy, E.} and 
             {Plum, G.} and 
             {Poujoulet, E.} and 
             {Prša, A.} and 
             {Pulone, L.} and 
             {Ragaini, S.} and 
             {Rago, S.} and 
             {Rambaux, N.} and 
             {Ramos-Lerate, M.} and 
             {Ranalli, P.} and 
             {Rauw, G.} and 
             {Read, A.} and 
             {Regibo, S.} and 
             {Reylé, C.} and 
             {Ribeiro, R. A.} and 
             {Rimoldini, L.} and 
             {Ripepi, V.} and 
             {Riva, A.} and 
             {Rixon, G.} and 
             {Roelens, M.} and 
             {Romero-Gómez, M.} and 
             {Rowell, N.} and 
             {Royer, F.} and 
             {Ruiz-Dern, L.} and 
             {Sadowski, G.} and 
             {Sagristà Sellés, T.} and 
             {Sahlmann, J.} and 
             {Salgado, J.} and 
             {Salguero, E.} and 
             {Sarasso, M.} and 
             {Savietto, H.} and 
             {Schultheis, M.} and 
             {Sciacca, E.} and 
             {Segol, M.} and 
             {Segovia, J. C.} and 
             {Segransan, D.} and 
             {Shih, I.-C.} and 
             {Smareglia, R.} and 
             {Smart, R. L.} and 
             {Solano, E.} and 
             {Solitro, F.} and 
             {Sordo, R.} and 
             {Soria Nieto, S.} and 
             {Souchay, J.} and 
             {Spagna, A.} and 
             {Spoto, F.} and 
             {Stampa, U.} and 
             {Steele, I. A.} and 
             {Steidelmüller, H.} and 
             {Stephenson, C. A.} and 
             {Stoev, H.} and 
             {Suess, F. F.} and 
             {Süveges, M.} and 
             {Surdej, J.} and 
             {Szabados, L.} and 
             {Szegedi-Elek, E.} and 
             {Tapiador, D.} and 
             {Taris, F.} and 
             {Tauran, G.} and 
             {Taylor, M. B.} and 
             {Teixeira, R.} and 
             {Terrett, D.} and 
             {Tingley, B.} and 
             {Trager, S. C.} and 
             {Turon, C.} and 
             {Ulla, A.} and 
             {Utrilla, E.} and 
             {Valentini, G.} and 
             {van Elteren, A.} and 
             {Van Hemelryck, E.} and 
             {van Leeuwen, M.} and 
             {Varadi, M.} and 
             {Vecchiato, A.} and 
             {Veljanoski, J.} and 
             {Via, T.} and 
             {Vicente, D.} and 
             {Vogt, S.} and 
             {Voss, H.} and 
             {Votruba, V.} and 
             {Voutsinas, S.} and 
             {Walmsley, G.} and 
             {Weiler, M.} and 
             {Weingrill, K.} and 
             {Wevers, T.} and 
             {Wyrzykowski, Ł.} and 
             {Yoldas, A.} and 
             {Žerjal, M.} and 
             {Zucker, S.} and 
             {Zurbach, C.} and 
             {Zwitter, T.} and 
             {Alecu, A.} and 
             {Allen, M.} and 
             {Allende Prieto, C.} and 
             {Amorim, A.} and 
             {Anglada-Escudé, G.} and 
             {Arsenijevic, V.} and 
             {Azaz, S.} and 
             {Balm, P.} and 
             {Beck, M.} and 
             {Bernstein, H.-H.} and 
             {Bigot, L.} and 
             {Bijaoui, A.} and 
             {Blasco, C.} and 
             {Bonfigli, M.} and 
             {Bono, G.} and 
             {Boudreault, S.} and 
             {Bressan, A.} and 
             {Brown, S.} and 
             {Brunet, P.-M.} and 
             {Bunclark, P.} and 
             {Buonanno, R.} and 
             {Butkevich, A. G.} and 
             {Carret, C.} and 
             {Carrion, C.} and 
             {Chemin, L.} and 
             {Chéreau, F.} and 
             {Corcione, L.} and 
             {Darmigny, E.} and 
             {de Boer, K. S.} and 
             {de Teodoro, P.} and 
             {de Zeeuw, P. T.} and 
             {Delle Luche, C.} and 
             {Domingues, C. D.} and 
             {Dubath, P.} and 
             {Fodor, F.} and 
             {Frézouls, B.} and 
             {Fries, A.} and 
             {Fustes, D.} and 
             {Fyfe, D.} and 
             {Gallardo, E.} and 
             {Gallegos, J.} and 
             {Gardiol, D.} and 
             {Gebran, M.} and 
             {Gomboc, A.} and 
             {Gómez, A.} and 
             {Grux, E.} and 
             {Gueguen, A.} and 
             {Heyrovsky, A.} and 
             {Hoar, J.} and 
             {Iannicola, G.} and 
             {Isasi Parache, Y.} and 
             {Janotto, A.-M.} and 
             {Joliet, E.} and 
             {Jonckheere, A.} and 
             {Keil, R.} and 
             {Kim, D.-W.} and 
             {Klagyivik, P.} and 
             {Klar, J.} and 
             {Knude, J.} and 
             {Kochukhov, O.} and 
             {Kolka, I.} and 
             {Kos, J.} and 
             {Kutka, A.} and 
             {Lainey, V.} and 
             {LeBouquin, D.} and 
             {Liu, C.} and 
             {Loreggia, D.} and 
             {Makarov, V. V.} and 
             {Marseille, M. G.} and 
             {Martayan, C.} and 
             {Martinez-Rubi, O.} and 
             {Massart, B.} and 
             {Meynadier, F.} and 
             {Mignot, S.} and 
             {Munari, U.} and 
             {Nguyen, A.-T.} and 
             {Nordlander, T.} and 
             {Ocvirk, P.} and 
             {O’Flaherty, K. S.} and 
             {Olias Sanz, A.} and 
             {Ortiz, P.} and 
             {Osorio, J.} and 
             {Oszkiewicz, D.} and 
             {Ouzounis, A.} and 
             {Palmer, M.} and 
             {Park, P.} and 
             {Pasquato, E.} and 
             {Peltzer, C.} and 
             {Peralta, J.} and 
             {Péturaud, F.} and 
             {Pieniluoma, T.} and 
             {Pigozzi, E.} and 
             {Poels, J.} and 
             {Prat, G.} and 
             {Prod’homme, T.} and 
             {Raison, F.} and 
             {Rebordao, J. M.} and 
             {Risquez, D.} and 
             {Rocca-Volmerange, B.} and 
             {Rosen, S.} and 
             {Ruiz-Fuertes, M. I.} and 
             {Russo, F.} and 
             {Sembay, S.} and 
             {Serraller Vizcaino, I.} and 
             {Short, A.} and 
             {Siebert, A.} and 
             {Silva, H.} and 
             {Sinachopoulos, D.} and 
             {Slezak, E.} and 
             {Soffel, M.} and 
             {Sosnowska, D.} and 
             {Straižys, V.} and 
             {ter Linden, M.} and 
             {Terrell, D.} and 
             {Theil, S.} and 
             {Tiede, C.} and 
             {Troisi, L.} and 
             {Tsalmantza, P.} and 
             {Tur, D.} and 
             {Vaccari, M.} and 
             {Vachier, F.} and 
             {Valles, P.} and 
             {Van Hamme, W.} and 
             {Veltz, L.} and 
             {Virtanen, J.} and 
             {Wallut, J.-M.} and 
             {Wichmann, R.} and 
             {Wilkinson, M. I.} and 
             {Ziaeepour, H.} and 
             {Zschocke, S.}},
  title   = {Gaia Data Release 1 - Summary of the astrometric, photometric, and survey properties},
  doi     = {10.1051/0004-6361/201629512},
  url     = {https://doi.org/10.1051/0004-6361/201629512},
  journal = {A&A},
  year    = 2016,
  volume  = 595,
  pages   = {A2}
}

@book{Cox_Donnelly_2011,
  place     = {Cambridge},
  title     = {Principles of Applied Statistics},
  publisher = {Cambridge University Press},
  author    = {Cox, D. R. and Donnelly, Christl A.},
  year      = {2011}
}

@article{Zhang_2023,
  title     = {Parameters of 220 million stars from Gaia BP/RP spectra},
  volume    = {524},
  issn      = {1365-2966},
  url       = {http://dx.doi.org/10.1093/mnras/stad1941},
  doi       = {10.1093/mnras/stad1941},
  number    = {2},
  journal   = {Monthly Notices of the Royal Astronomical Society},
  publisher = {Oxford University Press (OUP)},
  author    = {Zhang, Xiangyu and Green, Gregory M and Rix, Hans-Walter},
  year      = {2023},
  month     = jun,
  pages     = {1855-1884}
}

@misc{gelman2020bayesian,
  title         = {Bayesian Workflow},
  author        = {Andrew Gelman and Aki Vehtari and Daniel Simpson and Charles C. Margossian and Bob Carpenter and Yuling Yao and Lauren Kennedy and Jonah Gabry and Paul-Christian Bürkner and Martin Modrák},
  year          = {2020},
  eprint        = {2011.01808},
  archiveprefix = {arXiv},
  primaryclass  = {stat.ME}
}


@article{Vallenari2022GaiaDR,
  title   = {Gaia Data Release 3. Summary of the content and survey properties},
  author  = {Gaia Collaboration A. Vallenari and 
             A. G. A. Brown and 
             Timo Prusti and 
             Jos H.J. de Bruijne and 
             Fr'ed'eric Arenou and 
             C. Babusiaux and 
             Michael Biermann and 
             Orlagh L. Creevey and 
             Christine Ducourant and 
             Derek Evans and 
             Laurent Eyer and 
             R. Guerra and 
             Alexander Hutton and 
             C. Jordi and 
             Sergei A. Klioner and 
             Uwe Lammers and 
             Lennart Lindegren and 
             Xavier Luri and 
             Franccois Mignard and 
             Chantal Panem and 
             Dimitri Pourbaix and 
             Sofia Randich and 
             Paola Sartoretti and 
             Caroline Soubiran and 
             P. Tanga and 
             Nancy A. Walton and 
             Coryn A. L. Bailer-Jones and 
             Ulrich Bastian and 
             Ronald Drimmel and 
             Fred A. Jansen and 
             David Katz and 
             Mario Gilberto Lattanzi and 
             Floor van Leeuwen and 
             Joost M. Bakker and 
             Carla Cacciari and 
             Javier Casta{\~n}eda and 
             Francesca De Angeli and 
             Claus Fabricius and 
             Morgan Fouesneau and 
             Y. Fr'emat and 
             Laurent Galluccio and 
             Anjelica Guerrier and 
             Ulrike Heiter and 
             Eduard Masana and 
             Rosario Messineo and 
             Nami Mowlavi and 
             C. Nicolas and 
             Krzysztof Nienartowicz and 
             Fr{\'e}d{\'e}ric Pailler and 
             Pasquale Panuzzo and 
             F. Riclet and 
             W. Roux and 
             George Seabroke and 
             R. Sordoorcit and 
             F. Th'evenin and 
             G. Gracia-Abril and 
             Jordi Portell and 
             David Teyssier and 
             Martin Altmann and 
             Ren{\'e} Andrae and 
             Marc Audard and 
             Ioannis Bellas-Velidis and 
             Kevin Benson and 
             J{\'e}r{\^o}me Berthier and 
             R. Blomme and 
             P. W. Burgess and 
             Deborah Busonero and 
             Giorgia Busso and 
             H. C'anovas and 
             Beno{\^i}t Carry and 
             Alberto Cellino and 
             N. Cheek and 
             G. Clementini and 
             Yassine Damerdji and 
             Michael Davidson and 
             Pilar de Teodoro and 
             Milton N. Campos and 
             Ludovic Delchambre and 
             Aldo Dell’Oro and 
             Pilar Esquej and 
             J. Fern'andez-Hern'andez and 
             Eduardo Miguel Gonz{\'a}lez Fraile and 
             Daniel Garabato and 
             P. Garc'ia-Lario and 
             Eric Gosset and 
             R{\'e}gis Haigron and 
             Jean louis Halbwachs and 
             Nigel C. Hambly and 
             D L Harrison and 
             J. I. Gonz'alez Hern'andez and 
             Daniel Hestroffer and 
             Simon T. Hodgkin and 
             Berry Holl and 
             Katja Janssen and 
             Gr{\'e}gory Jevardat de Fombelle and 
             S. Jordan and 
             Alberto Krone-Martins and 
             Alessandro C. Lanzafame and 
             Wolfgang Loffler and 
             Olivier Marchal and 
             P. M. Marrese and 
             Andr{\'e} Moitinho and 
             Karri Muinonen and 
             P. J. Osborne and 
             Elena Pancino and 
             Th. Pauwels and 
             Alejandra Recio-Blanco and 
             C. Reyl'e and 
             M. Riello and 
             Lorenzo Rimoldini and 
             T. G. R. Roegiers and 
             Jan Rybizki and 
             Luis M. Sarro and 
             Christos Siopis and 
             M. W. L. Smith and 
             Alessandro Sozzetti and 
             E. Utrilla and 
             M. van Leeuwen and 
             Ummi Abbas and 
             P. 'Abrah'am and 
             Asier A. Aramburu and 
             Conny Aerts and 
             Juan J. Aguado and 
             M. Ajaj and 
             F. Aldea-Montero and 
             G. Altavilla and 
             Marco Antonio {\'A}lvarez and 
             Jo{\~a}o Alves and 
             Friedrich Anders and 
             Richard I. Anderson and 
             E. Anglada Varela and 
             Teresa Antoja and 
             Deborah Baines and 
             Stephen Baker and 
             L. Balaguer-N'unez and 
             Eduardo Balbinot and 
             Zolt{\'a}n Balog and 
             Christophe Barache and 
             Domenico Barbato and 
             M. Barros and 
             Martin A. Barstow and 
             S. Bartolom'e and 
             J.-L. Bassilana and 
             N. Bauchet and 
             Ugo Becciani and 
             Michele Bellazzini and 
             Angel Berihuete and 
             Martin Bernet and 
             Stefano Bertone and 
             Luca Bianchi and 
             Avraham Binnenfeld and 
             Sergi Blanco-Cuaresma and 
             Aurore Blaz{\`e}re and 
             Thomas Boch and 
             Alex Bombrun and 
             Diego Bossini and 
             Sandrine Bouquillon and 
             Angela Bragaglia and 
             Lorenzo Bramante and 
             Elm{\'e} Breedt and 
             Alessandro Bressan and 
             Nathalie Brouillet and 
             E. Brugaletta and 
             Beatrice Bucciarelli and 
             Alexandra Burlacu and 
             Alexey G. Butkevich and 
             Raffaella Buzzi and 
             Elisabetta Caffau and 
             Rossella Cancelliere and 
             Tristan Cantat-Gaudin and 
             R. Carballo and 
             Teddy Carlucci and 
             Maria I. Carnerero and 
             Josep Manel Carrasco and 
             Laia Casamiquela and 
             Marco Castellani and 
             Alfred Castro-Ginard and 
             Laurence Chaoul and 
             Patrick Charlot and 
             Laurent Chemin and 
             V. Chiaramida and 
             Andrea Chiavassa and 
             Nicholas Chornay and 
             Gabriele Comoretto and 
             G. Contursi and 
             W. J. Cooper and 
             Trish Cornez and 
             Shannon Cowell and 
             F. Crifo and 
             M. Cropper and 
             Mariateresa Crosta and 
             C. M. Crowley and 
             Carlos Dafonte and 
             Anastasos Dapergolas and 
             M. David and 
             Pedro David and 
             Patrick de Laverny and 
             Fiore De Luise and 
             Ruben De March and 
             Joris De Ridder and 
             Regina de Souza and 
             Anthony D. Torres and 
             Eduardo F. del Peloso and 
             E. del Pozo and 
             Marco Delbo’ and 
             Ademar Tavares Delgado and 
             Jean-Baptiste Delisle and 
             C. Demouchy and 
             Thavisha E. Dharmawardena and 
             Paola di Matteo and 
             S. Diakite and 
             Catrina Diener and 
             Elisa Distefano and 
             Chris Dolding and 
             Bengt Edvardsson and 
             Harry Enke and 
             C{\'e}cile Fabre and 
             M. Fabrizio and 
             Simchon Faigler and 
             Grigori Fedorets and 
             Pierre Fernique and 
             Agn{\`e}s Fienga and 
             Francesca Figueras and 
             Y. Fournier and 
             Celine Fouron and 
             Francesca Fragkoudi and 
             Mario Gai and 
             Adri{\'a}n Garc{\'i}a-Guti{\'e}rrez and 
             M. Garcia-Reinaldos and 
             M. Garc'ia-Torres and 
             Alessia Garofalo and 
             Alvin Gavel and 
             Panagiotis Gavras and 
             Enrico Gerlach and 
             Reiner Geyer and 
             Paolo Giacobbe and 
             Gerry Gilmore and 
             Sergi Girona and 
             Gaetano Giuffrida and 
             Roy Gomel and 
             Ana Gomez and 
             J. Gonz'alez-N'unez and 
             I. Gonz'alez-Santamar'ia and 
             J. J. Gonz'alez-Vidal and 
             Mikael Granvik and 
             Patrick Guillout and 
             Julien Guiraud and 
             R. Guti'errez-S'anchez and 
             Leanne P. Guy and 
             Despina Hatzidimitriou and 
             M. Hauser and 
             M. Haywood and 
             Annerose Helmer and 
             Amina Helmi and 
             Maria Henar Sarmiento and 
             Sebastian L. Hidalgo and 
             Thomas Hilger and 
             Natalia Hładczuk and 
             David Hobbs and 
             G. Holland and 
             Howard E. Huckle and 
             Kevin Jardine and 
             G{\'e}rard Jasniewicz and 
             Arianna Piccolo and 
             'O. Jim'enez-Arranz and 
             Alain Jorissen and 
             J. Juaristi Campillo and 
             Francesc Julb{\'e} and 
             Lea Karbevska and 
             P. Kervella and 
             Shourya Khanna and 
             Mary Kontizas and 
             Georges Kordopatis and 
             A. J. Korn and 
             'A. K'osp'al and 
             Zuzanna Kostrzewa-Rutkowska and 
             Katarzyna Kruszy'nska and 
             M{\'a}ria Kun and 
             P. Laizeau and 
             S. Lambert and 
             A. F. Lanza and 
             Yannick Lasne and 
             Jean Francois Le Campion and 
             Yveline Lebreton and 
             Thomas Lebzelter and 
             S. Leccia and 
             Nicolas Leclerc and 
             Isabelle Lecoeur-Taibi and 
             Shi-long Liao and 
             Enrico Licata and 
             H. E. P. Lindstr{\o}m and 
             T. A. Lister and 
             E. Livanou and 
             Alex Lobel and 
             Alejandro Lorca and 
             Caroline Loup and 
             P. Madrero Pardo and 
             A. Magdaleno Romeo and 
             S. Managau and 
             Roy G. Mann and 
             Minia Manteiga and 
             Jonathan M. Marchant and 
             Marcella Marconi and 
             J. Marcos and 
             M.M.S. Marcos Santos and 
             D. Mar'in Pina and 
             S. Marinoni and 
             Federico Marocco and 
             Douglas J. Marshall and 
             L. Martin Polo and 
             J. M. Mart'in-Fleitas and 
             G{\'a}bor Marton and 
             N. Mary and 
             A. Masip and 
             Davide Massari and 
             Alessandra Mastrobuono-Battisti and 
             T Mazeh and 
             Paul J. McMillan and 
             Sergio Messina and 
             Daniel Michalik and 
             N. R. Millar and 
             Alexey Mints and 
             David Molina and 
             Roberto Molinaro and 
             L'aszl'o Moln'ar and 
             Giacomo Monari and 
             M. Mongui'o and 
             P. Montegriffo and 
             {\'A}ngel Montero and 
             Roger Mor and 
             Andr{\'e} Mora and 
             Roberto Morbidelli and 
             Thierry Morel and 
             Derek W. Morris and 
             Tatiana Muraveva and 
             Caroline P. Murphy and 
             Ilaria Musella and 
             Zs{\'o}fia Nagy and 
             L. Noval and 
             F. M. Oca{\~n}a and 
             Andrew Ogden and 
             Christophe Ordenovic and 
             J. O. Osinde and 
             Camilla Pagani and 
             Isabella Pagano and 
             Lovro Palaversa and 
             Pedro Alonso Palicio and 
             L. Pallas-Quintela and 
             Aviad Panahi and 
             S. Payne-Wardenaar and 
             X. Pe{\~n}alosa Esteller and 
             Antti Penttila and 
             Bernard Pichon and 
             Anna Marina Piersimoni and 
             F. X. Pineau and 
             Emese Plachy and 
             G. Plum and 
             Eloisa Poggio and 
             Andrej Prvsa and 
             L. Pulone and 
             Elena Racero and 
             Simone Ragaini and 
             Monica Rainer and 
             Claudia M. Raiteri and 
             N. Rambaux and 
             P. Ramos and 
             M. Ramos-Lerate and 
             Paola Re Fiorentin and 
             Sara Regibo and 
             P. J. Richards and 
             C. Rios Diaz and 
             Vincenzo Ripepi and 
             A. Riva and 
             H-W. Rix and 
             Guy Rixon and 
             Noel Robichon and 
             Annie C. Robin and 
             Caroline Robin and 
             Maroussia Roelens and 
             H.R.O. Rogues and 
             L. Rohrbasser and 
             Merce Romero-G'omez and 
             Nick Rowell and 
             Fr'ed'eric Royer and 
             Daniela Mieres and 
             K. A. Rybicki and 
             Gilles Sadowski and 
             A. S'aez N'unez and 
             A. Sagrista Sell'es and 
             Johannes Sahlmann and 
             E. Salguero and 
             N. Samaras and 
             V. Sanchez Gimenez and 
             N. Sanna and 
             Ra{\'u}l Santove{\~n}a and 
             Maria Sarasso and 
             Mathias Schultheis and 
             Eva Sciacca and 
             Matthieu S{\'e}gol and 
             Juan Carlos Segovia and 
             Damien S'egransan and 
             D. Semeux and 
             Sahar Shahaf and 
             H. Siddiqui and 
             Arnaud Siebert and 
             Lauri Siltala and 
             Arturo Silvelo and 
             {\'E}ric Slezak and 
             I. Slezak and 
             Richard L. Smart and 
             Owain N. Snaith and 
             Enrique Solano and 
             Filomena Solitro and 
             D. Souami and 
             Jean J Souchay and 
             Alessandro Spagna and 
             Lorenzo Spina and 
             Federica Spoto and 
             Iain A. Steele and 
             H. Steidelmuller and 
             Craig Stephenson and 
             Maria Suveges and 
             Jean Surdej and 
             L{\'a}szl{\'o} B. Szabados and 
             Elza Szegedi-Elek and 
             François Taris and 
             M. B. Taylo and 
             R. Teixeira and 
             Leonardo Tolomei and 
             N Tonello and 
             F. Torra and 
             Jordi Torra and 
             Guillermo Torralba Elipe and 
             Marta Trabucchi and 
             Athanasios Tsounis and 
             C. Turon and 
             Ana Ulla and 
             N. Unger and 
             Marcel Vaillant and 
             E. van Dillen and 
             Wouter van Reeven and 
             Olivier Vanel and 
             Alberto Vecchiato and 
             Y. P. Viala and 
             D. Vicente and 
             S. Voutsinas and 
             Michael J. Weiler and 
             Thomas Wevers and 
             Lukasz Wyrzykowski and 
             Abdullah Yoldas and 
             P. Yvard and 
             H. Zhao and 
             Janez Zorec and 
             S. Zucker and 
             Tomavz Zwitter},
  journal = {Astronomy \& Astrophysics},
  year    = {2022},
  url     = {https://api.semanticscholar.org/CorpusID:244398875}
}
